@online{developers2011android,
  title={Android},
  howpublished="\url{https://it.wikipedia.org/wiki/Android}"
}

@online{walkability,
  title={Walkability},
  howpublished="\url{https://en.wikipedia.org/wiki/Walkability}"
}

@article{walkable,
  title={What is a walkable place? The walkability debate in urban design},
  author={Forsyth, Ann},
  journal={Urban design international},
  volume={20},
  number={4},
  pages={274--292},
  year={2015},
  publisher={Springer}
}

@article{invecchiamento,
title={World Population Prospects: the 2017 Revision},
author={United Nations},
year={2017}
}

@article{urbanizzazione,
title={World Urbanization Prospects: the 2014 Revision},
author={United Nations},
year={2014}
}

@online{api,
  title={Definizione API},
  howpublished="\url{https://simonecarletti.it/blog/2006/09/che-cosa-sono-le-api-application-programming-interface/}"
}
@online{volley,
  title={Volley Library},
  howpublished="\url{https://developer.android.com/training/volley/}"
}
@online{materialdesign,
  title={Material Design},
  howpublished="\url{https://material.io/design/introduction/}"
}





